@article{takeuchi1986new,
  title={The new new product development game},
  author={Takeuchi, H. and Nonaka, I.},
  journal={Harvard business review},
  volume={64},
  number={1},
  pages={137--146},
  year={1986}
}

@book{okumura,
	author =	"奥村 晴彦",
	yomi =		"Haruhiko Okumura",
	title =		"{\LaTeX} 美文書作成入門",
	publisher =	"技術評論社",
	year =		2010}

@book{IT人材白書2012,
  author={独立行政法人情報処理推進機構（IPA）},
  title={「IT人材白書2012」行動こそが未来を拓く ～進むクラウド、動かぬIT人材～},
  publisher={独立行政法人情報処理推進機構（IPA）},
  year={2012}
}

@misc{sutherland2011scrum,
  title={Scrum guide},
  author={Sutherland, J. and Schwaber, J.},
  year={2011},
  publisher={Scrum.org},
  howpublished = "\url{http://www.scrum.org/Scrum-Guides}",
  note="Visited on 2013-06-30"
}